 
@article{Principi2016a,
	title = "Acoustic cues from the floor: a new approach for fall classification",
	journal = "Expert Systems with Applications ",
	year = "2016",
	doi = "http://dx.doi.org/10.1016/j.eswa.2016.04.007",
	author = "Emanuele Principi and Diego Droghini and Stefano Squartini and Paolo Olivetti and Francesco Piazza",
	pages ={51-61},
	volume={60}
	
}
@incollection{wirn2016-fall, 
	author = {Droghini, D. and Principi, E. and Squartini, S. and Olivetti, P. and Piazza F.}, 
	title = {Human Fall Detection by Using an Innovative Floor Acoustic Sensor}, 
	booktitle = {Proc. of WIRN},
	year = {2016}, 
	address = {Vietri sul Mare, Italy},
	month={May, 18-20},
	note = {(8 pages)}
}
@article{droghiniCin1017,
	title={A Combined One-Class SVM and Template Matching Approach for User-Aided Human Fall Detection by Means of Floor Acoustic Features},
	author  = {Diego Droghini and Daniele Ferretti and Emanuele Principi and Stefano Squartini and Francesco Piazza}, 
	year = {2017},
	volume={2017},
	journal = {Computational Intelligence and Neuroscience},
	note = {{Article ID 1512670}},
	doi = {10.1155/2017/1512670},
	pagetotal = {13}
	
}
@InProceedings{wirn2017-fall, 
	author = {Droghini, D. and Daniele F. and Principi, E. and Squartini, P. and Piazza F.}, 
	title = {An End-To-End Unsupervised Approach employing Convolutional Neural Network Autoencoders for Human Fall Detection}, 
	booktitle = {Proc. of WIRN},
	year = {2017}, 
	address = {Vietri sul Mare, Italy},
	month={June, 14-16},
	note = {}
}

@inproceedings{droghini2018fewshot,
	author = {Droghini, Diego and Vesperini, Fabio and Principi, Emanuele and Squartini, Stefano and Piazza, Francesco},
	title = {Few-Shot Siamese Neural Networks Employing Audio Features for Human-Fall Detection},
	booktitle = {Proceedings of the International Conference on Pattern Recognition and Artificial Intelligence},
	series = {PRAI 2018},
	year = {2018},
	isbn = {978-1-4503-6482-9},
	location = {Union, NJ, USA},
	pages = {63--69},
	numpages = {7},
	url = {http://doi.acm.org/10.1145/3243250.3243268},
	doi = {10.1145/3243250.3243268},
	acmid = {3243268},
	publisher = {ACM},
	address = {New York, NY, USA},
	keywords = {Deep Learning, Few-shot Learning, Human Fall Detection, Siamese Neural Networks},
} 

@inproceedings{gabrielli2018deep,
	title={Deep Learning for Timbre Modification and Transfer: An Evaluation Study},
	author={Gabrielli, Leonardo and Cella, Carmine Emanuel and Vesperini, Fabio and Droghini, Diego and Principi, Emanuele and Squartini, Stefano},
	booktitle={Audio Engineering Society Convention 144},
	year={2018},
	organization={Audio Engineering Society}
}
@INPROCEEDINGS{vesperini2018hierarchic, 
	author={Vesperini, Fabio and Droghini,  Diego and Principi,Emanuele and Gabrielli, Leonardo and Squartini, Stefano}, 
	booktitle={26th European Signal Processing Conference (EUSIPCO)}, 
	title={Hierarchic ConvNets Framework for Rare Sound Event Detection}, 
	year={2018}, 
	volume={}, 
	number={}, 
	pages={}, 
	address={Rome},
	month={Sept. 3-7}
}

@article{vesperinihierarchic,
	title={A HIERARCHIC MULTI-SCALED APPROACH FOR RARE SOUND EVENT DETECTION},
	author={Vesperini, Fabio and Droghini, Diego and Ferretti, Daniele and Principi, Emanuele and Gabrielli, Leonardo and Squartini, Stefano and Piazza, Francesco}
	note={Copy-right free}
}

