%% This BibTeX bibliography file was created using BibDesk.
%% http://bibdesk.sourceforge.net/

%% Created for Mattias Heldner at 2016-10-17 11:35:21 +0200 


%% Saved with string encoding Unicode (UTF-8) 


@article{gurley1996persons,
	title={Persons found in their homes helpless or dead},
	author={Gurley, R Jan and Lum, Nancy and Sande, Merle and Lo, Bernard and Katz, Mitchell H},
	journal={New England Journal of Medicine},
	volume={334},
	number={26},
	pages={1710--1716},
	year={1996},
	publisher={Mass Medical Soc}
}

@article{mubashir2013survey,
	title={A survey on fall detection: Principles and approaches},
	author={Mubashir, Muhammad and Shao, Ling and Seed, Luke},
	journal={Neurocomputing},
	volume={100},
	pages={144--152},
	year={2013},
	publisher={Elsevier}
}
@incollection{abbate2010monitoring,
	title={Monitoring of human movements for fall detection and activities recognition in elderly care using wireless sensor network: a survey},
	author={Abbate, Stefano and Avvenuti, Marco and Corsini, Paolo and Light, Janet and Vecchio, Alessio},
	booktitle={Wireless Sensor Networks: Application-Centric Design},
	year={2010},
	publisher={InTech}
}
@article{khan2017review,
	title={Review of fall detection techniques: A data availability perspective},
	author={Khan, Shehroz S and Hoey, Jesse},
	journal={Medical engineering and physics},
	volume={39},
	pages={12--22},
	year={2017},
	publisher={Elsevier}
}
@inproceedings{chopra2005learning,
	title={Learning a similarity metric discriminatively, with application to face verification},
	author={Chopra, Sumit and Hadsell, Raia and LeCun, Yann},
	booktitle={Computer Vision and Pattern Recognition, 2005. CVPR 2005. IEEE Computer Society Conference on},
	volume={1},
	pages={539--546},
	year={2005},
	organization={IEEE}
}
@incollection{wirn2016-fall, 
	author = {Droghini, D. and Principi, E. and Squartini, S. and Olivetti, P. and Piazza F.}, 
	title = {Human Fall Detection by Using an Innovative Floor Acoustic Sensor}, 
	booktitle = {Proc. of WIRN},
	year = {2016}, 
	address = {Vietri sul Mare, Italy},
	month={May, 18-20},
	note = {(8 pages), to appear.}
}
@inproceedings{bromley1994signature,
	title={Signature verification using a" siamese" time delay neural network},
	author={Bromley, Jane and Guyon, Isabelle and LeCun, Yann and S{\"a}ckinger, Eduard and Shah, Roopak},
	booktitle={Advances in Neural Information Processing Systems},
	pages={737--744},
	year={1994}
}
@inproceedings{koch2015siamese,
	title={Siamese neural networks for one-shot image recognition},
	author={Koch, Gregory and Zemel, Richard and Salakhutdinov, Ruslan},
	booktitle={ICML Deep Learning Workshop},
	volume={2},
	year={2015}
}
@article{droghiniCin1017,
	title={A Combined One-Class SVM and Template Matching Approach for User-Aided Human Fall Detection by Means of Floor Acoustic Features},
	author  = {Diego Droghini and Daniele Ferretti and Emanuele Principi and Stefano Squartini and Francesco Piazza}, 
	year = {2017},
	volume={2017},
	journal = {Computational Intelligence and Neuroscience},
	note = {{Article ID 1512670}},
	doi = {10.1155/2017/1512670},
	pagetotal = {13}
	
}
@article{Principi2016a,
	title = "Acoustic cues from the floor: a new approach for fall classification",
	journal = "Expert Systems with Applications ",
	year = "2016",
	doi = "http://dx.doi.org/10.1016/j.eswa.2016.04.007",
	author = "Emanuele Principi and Diego Droghini and Stefano Squartini and Paolo Olivetti and Francesco Piazza",
	pages ={51-61},
	volume={60}
}
