@article{marchideep,
	title={Deep Recurrent Neural Network-based Autoencoders for Acoustic Novelty Detection},
	author={Marchi, Erik and Vesperini, Fabio and Squartini, Stefano and Schuller, Bj{\"o}rn},
	journal = {Computational Intelligence and Neuroscience},
	editor = {Hindawi},
	year = {2016}
}

@article{vesperini2017speaker,
	title={Localizing Speakers in Multiple Rooms by Using Deep Neural Networks},
	author={Vesperini, Fabio and Vecchiotti, Paolo and Principi, Emanuele and Squartini, Stefano and Piazza, Francesco},
	journal={Computer Speech and Language},
	editor={Elsevier},
	year={2017}}



@article{vesperini2018polyphonic,
	author={Vesperini, Fabio and Gabrielli, Leonardo and Principi, Emanuele and Squartini, Stefano},
	title = {Polyphonic Sound Event Detection by using Capsule Neural Networks},
	journal = {Journal of Selected Topics in Signal Processing},
	editor={IEEE},
	year={2018},
	note={submitted}}

