
@incollection{vesperinihierarchic,
	title={A HIERARCHIC MULTI-SCALED APPROACH FOR RARE SOUND EVENT DETECTION},
	author={Vesperini, Fabio and Droghini, Diego and Ferretti, Daniele and Principi, Emanuele and Gabrielli, Leonardo and Squartini, Stefano and Piazza, Francesco},
	year={2017},
	INSTITUTION =   {Department of Information Engineering, Universit\`{a} Politecnica delle Marche},
	ADDRESS =       {Ancona, Italy},
	booktitle ={},
	note={{DCASE} {T}ech. {R}eport. {C}opyright-free}
}



@incollection{vesperini2018capsule,
	title={A Capsule Neural Networks based approach for Bird Audio Detection},
	author={Vesperini, Fabio and Gabrielli, Leonardo and Principi, Emanuele  and Squartini, Stefano},
	year={2018},
	INSTITUTION =   {Department of Information Engineering, Universit\`{a} Politecnica delle Marche},
	ADDRESS =       {Ancona, Italy},
	booktitle ={},
	note={{DCASE} {T}ech. {R}eport. {C}opyright-free}
}




@INPROCEEDINGS{gabrielli2018rima, 
	author={Gabrielli, Leonardo and Vesperini, Fabio and Droghini, Diego and Squartini, Stefano}, 
	booktitle={XXII Colloquium of Musical Informatics}, 
	title={Rima {G}lottidis: Experimenting Generative Raw Audio Synthesis for a Sound Installation}, 
	year={2018}, 
	address={Udine, Italy},
	month={20-23 Nov.}}
	

